
@ARTICLE{leka.barnes:07,
author={Leka, K.D. and Barnes, G.},
title={Photospheric magnetic field properties of flaring versus flare-quiet active regions. IV. A statistically significant sample},
journal={Astrophysical Journal},
year={2007},
volume={656},
number={2 I},
pages={1173-1186},
doi={10.1086/510282},
note={cited By 67},
}

@ARTICLE{li.ea:07,
author={Li, R. and Wang, H.-N. and He, H. and Cui, Y.-M. and Du, Z.-L.},
title={Support vector machine combined with K-nearest neighbors for solar flare forecasting},
journal={Chinese Journal of Astronomy and Astrophysics},
year={2007},
volume={7},
number={3},
pages={441-447},
doi={10.1088/1009-9271/7/3/15},
note={cited By 26},
}

@ARTICLE{yu.ea:09,
author={Yu, D. and Huang, X. and Wang, H. and Cui, Y.},
title={Short-term solar flare prediction using a sequential supervised learning method},
journal={Solar Physics},
year={2009},
volume={255},
number={1},
pages={91-105},
doi={10.1007/s11207-009-9318-9},
note={cited By 25},
}

@ARTICLE{song.ea:09,
author={Song, H. and Tan, C. and Jing, J. and Wang, H. and Yurchyshyn, V. and Abramenko, V.},
title={Statistical assessment of photospheric magnetic features in imminent solar flare predictions},
journal={Solar Physics},
year={2009},
volume={254},
number={1},
pages={101-125},
doi={10.1007/s11207-008-9288-3},
note={cited By 15},
}

@ARTICLE{srivastava:05,
author={Srivastava, N.},
title={Predicting the occurrence of super-storms},
journal={Annales Geophysicae},
year={2005},
volume={23},
number={9},
pages={2989-2995},
note={cited By 15},
}

@ARTICLE{yu.ea:10,
author={Yu, D. and Huang, X. and Hu, Q. and Zhou, R. and Wang, H. and Cui, Y.},
title={Short-term solar flare prediction using multiresolution predictors},
journal={Astrophysical Journal},
year={2010},
volume={709},
number={1},
pages={321-326},
doi={10.1088/0004-637X/709/1/321},
note={cited By 13},
}

@ARTICLE{huang.ea:10,
author={Huang, X. and Yu, D. and Hu, Q. and Wang, H. and Cui, Y.},
title={Short-Term Solar flare prediction Using predictor teams},
journal={Solar Physics},
year={2010},
volume={263},
number={1},
pages={175-184},
doi={10.1007/s11207-010-9542-3},
note={cited By 12},
}

@ARTICLE{valach.ea:09,
author={Valach, F. and Revallo, M. and Bochníček, J. and Hejda, P.},
title={Solar energetic particle flux enhancement as a predictor of geomagnetic activity in a neural network-based model},
journal={Space Weather},
year={2009},
volume={7},
number={4},
doi={10.1029/2008SW000421},
art_number={S04004},
note={cited By 12},
}

@ARTICLE{share.ea:01,
author={Share, G.H. and Murphy, R.J. and Tylka, A.J. and Schwartz, R.A. and Yoshimori, M. and Suga, K. and Nakayama, S. and Takeda, H.},
title={Gamma-ray line observations of the 2000 July 14 flare and SEP impact on the earth},
journal={Solar Physics},
year={2001},
volume={204},
number={1-2},
pages={43-55},
note={cited By 9},
}

@ARTICLE{lundstedt.ea:81,
author={Lundstedt, H. and Wilcox, J.M. and Scherrer, P.H.},
title={Solar flare acceleration of solar wind: Influence of active region magnetic field},
journal={Science},
year={1981},
volume={212},
number={4502},
pages={1501-1502},
note={cited By 6},
}

@ARTICLE{Kahler:12,
author={Kahler, S.W.},
title={Solar energetic particle events and the kiplinger effect},
journal={Astrophysical Journal},
year={2012},
volume={747},
number={1},
doi={10.1088/0004-637X/747/1/66},
art_number={66},
note={cited By 5},
}

@ARTICLE{turova:84,
author={Turova, I.P.},
title={On umbral flashes in different sunspot groups},
journal={Solar Physics},
year={1984},
volume={91},
number={1},
pages={51-54},
doi={10.1007/BF00213610},
note={cited By 4},
}

@ARTICLE{yang:13,
author={Yang, X. and Lin, G. and Zhang, H. and Mao, X.},
title={Magnetic nonpotentiality in photospheric active regions as a predictor of solar flares},
journal={Astrophysical Journal Letters},
year={2013},
volume={774},
number={2},
doi={10.1088/2041-8205/774/2/L27},
art_number={L27},
note={cited By 1},
}

@ARTICLE{li.zhu:13,
author={Li, R. and Zhu, J.},
title={Solar flare forecasting based on sequential sunspot data},
journal={Research in Astronomy and Astrophysics},
year={2013},
volume={13},
number={9},
pages={1118-1126},
doi={10.1088/1674-4527/13/9/010},
note={cited By 1},
}

@InProceedings{zhang.ea:11,
author={Zhang, X. and Liu, J. and Wang, Q.},
title={Image feature extraction for solar flare prediction},
booktitle={Proceedings - 4th International Congress on Image and Signal Processing, CISP 2011},
year={2011},
volume={2},
pages={910-914},
doi={10.1109/CISP.2011.6100295},
art_number={6100295},
note={cited By 1},
}

@ARTICLE{jakimiec.bartkowiak:98,
author={Jakimiec, M. and Bartkowiak, A.},
title={Short-term solar flare predictions by distance-based regression I. Bearalert regions in 1988 and 1989 - Continuous predictors},
journal={Acta Astronomica},
year={1998},
volume={44},
number={1},
pages={115-140},
note={cited By 1},
}

@ARTICLE{wilson:96,
author={Wilson, R.M.},
title={On the relationship between transit velocity of interplanetary shocks and solar active processes},
journal={Planetary and Space Science},
year={1996},
volume={44},
number={5},
pages={441-464},
doi={10.1016/0032-0633(95)00141-7},
note={cited By 1},
}

@ARTICLE{McNamara.wright:83,
author={McNamara, L.F. and Wright, C.S.},
title={The relative importances of solar type iv radio bursts and flare-site magnetic field orientations as predictors of geomagnetic activity},
journal={Solar Physics},
year={1983},
volume={84},
number={1-2},
pages={289-293},
doi={10.1007/BF00157462},
note={cited By 1},
}

@ARTICLE{lundstedt:82,
author={Lundstedt, H.},
title={A measurement of the magnetic field direction at the site of major flares},
journal={Solar Physics},
year={1982},
volume={81},
number={2},
pages={293-301},
doi={10.1007/BF00151303},
note={cited By 1},
}

@InProceedings{yu.ea:12,
author={Yu, D. and Zhang, X. and Liu, J. and Wang, Q.},
title={Knowledge discovery based on statistics of MDI Magnetogram},
booktitle={Proceedings - 2012 9th International Conference on Fuzzy Systems and Knowledge Discovery, FSKD 2012},
year={2012},
pages={1514-1518},
doi={10.1109/FSKD.2012.6234089},
art_number={6234089},
note={cited By 0},
}



@TechReport{      Bilias:13,
  author    = {Bilias, Y. and Florios, K. and Skouras, S.},
  institution   = {Athens University of Economics and Business},
  title     = {Exact computation of censored least absolute deviations estimators},
  type      = {Technical Report},
  year      = {2013},
  note={Available at SSRN: http://ssrn.com/abstract=2372588},
}